@misc{paho-1,
  author = {WHO}, 
  title = {Epidemiological update dengue and other arboviruses},
  howpublished = "\url{https://www3.paho.org/data/index.php/en/mnu-topics/indicadores-dengue-en/annual-arbovirus-bulletin-2022.html}",
 year = {2022a},
  note = {Acessed: 05-22-2022},
}
                  
@misc{brasil-dept-helth:2009,
  author = {WHOBrazilian Department of Health}, 
  title = {Diretrizes nacionais para a prevenção e controle de epidemias de dengue},
  howpublished = "\url{https://bvsms.saude.gov.br/bvs/publicacoes/diretrizes_nacionais_prevencao_controle_dengue.pdf}",
 year = {2009},
  note = {Acessed: 05-22-2022},
}

@techreport{negreiros-2020,
  author = {Negreiros, M.  and Maculan, N. and Xavier, A.},
  title = {PROJETO WEBDENGUE: EVOLUÇÃO E RECURSOS PARA IMPLANTAÇÃO},
  institution = {UFRJ},
  year = {2020},
  number = {1},
  type = {Technical Report},
}

@article{araoz:2006,
title = {Privatized rural postman problems},
journal = {Computers \& Operations Research},
volume = {33},
number = {12},
pages = {3432--3449},
year = {2006},
optnote = {Part Special Issue: Recent Algorithmic Advances for Arc Routing Problems},
optissn = {0305-0548},
optdoi = {https://doi.org/10.1016/j.cor.2005.02.013},
opturl = {https://www.sciencedirect.com/science/article/pii/S0305054805000687},
author = {Julián Aráoz and Elena Fernández and Cristina Zoltan},
}

@article{shakurat:2015,
author = {Shaukat Dar, Kamran and Masood, Nayyer and Mehreen, Sundas and Azmeen, Ulya},
year = {2015},
optmonth = {01},
pages = {2--5},
title = {Dengue Fever Prediction: A Data Mining Problem},
volume = {06},
number = {03},
journal = {Journal of Data Mining in Genomics \& Proteomics},
optdoi = {10.4172/2153-0602.1000181},
}

@INPROCEEDINGS{sarma:2020,
author={Sarma, Dhiman and Hossain, Sohrab and Mittra, Tanni and Bhuiya, Md. Abdul Motaleb and Saha, Ishita and Chakma, Ravina},
booktitle={8th R10 Humanitarian Technology Conference (R10-HTC)},
title={Dengue Prediction using Machine Learning Algorithms},
year={2020},
publisher = {IEEE},
localtion = {Kuching, Malaysia},
pages={1--6},
optvolume={},
optnumber={},
optdoi={10.1109/R10-HTC49770.2020.9357035},
}

@article{shakil:2015,
  title={Dengue disease prediction using weka data mining tool},
  author={Kashish Ara Shakil and Shadma Anis and Mansaf Alam},
  journal={ArXiv},
  year={2015},
  volume={1502},
  pages= {1--25},
  optnumber = {05167},
}

@ARTICLE{appice:2020,
  author={Appice, Annalisa and Gel, Yulia R. and Iliev, Iliyan and Lyubchich, Vyacheslav and Malerba, Donato},
  journal={IEEE}, 
  title={A Multi-Stage Machine Learning Approach to Predict Dengue Incidence: A Case Study in Mexico}, 
  year={2020},
  volume={8},
  optnumber={1109},
  pages={52713-52725},
  optdoi={10.1109/ACCESS.2020.2980634},
}

@article{hair:2019,
author = {Hair, Gleicy and Nobre, Flávio and Brasil, Patrícia},
year = {2019},
optmonth = {07},
pages = {1--11},
title = {Characterization of clinical patterns of dengue patients using an unsupervised machine learning approach},
volume = {19},
journal = {BMC Infectious Diseases},
optdoi = {10.1186/s12879-019-4282-y},
}

@inproceedings{bannwart:2013,
title = {T\`ecnicas de Otimiza\~c\~ao Aplicadas ao Controle da Dengue},
author = {Bannwart, F. Helenice and Santos, L. P. Fernando and Florentino, O. Helenice and Cantane, R. Daniela},
year = {2013},
pages = {359-363},
booktitle={Anais do Congresso de Matematica Aplicada e Computacional (CMAC)},
publisher = {SOBRAPO},
address = {Bauru, S\~ao Paulo},
}

@inproceedings{bannwart-sbpo:2013,
title = {Algoritmo Gen\`etico Aplicado ao Controle da Dengue},
author = {Bannwart, F. Helenice and Santos, L. P. Fernando and Florentino, O. Helenice and Cantane, R. Daniela},
year = {2013},
pages = {2646-2657},
booktitle = {Anais do XLVS Simp\`osio Brasileiro de Pesquisa Operacional (SBPO)},
publisher = {SOBRAPO},
address = {Natal, Rio Grande do Norte},
}

@Book{gates:03,
  author = 	 {Bill Gates},
  title = 	 {Um Livro Muito Bom},
  publisher = 	 {Editora X},
  year = 	 {2003},
  address = 	 {local}
}

@article{smith:02,
   author={Smith, S. and Jones, J.},
   title={ A paper on Operations Research},
   journal={Pesquisa Operacional},
   volume={32},
   year=2002,
   pages={5-44}
}

@techreport{silva:99,
  author = {Silva, A. B. and Souza, C. D. and Santos, E. F.},
  title = {T\'\i tulo de um relat\'orio t\'ecnico},
  institution = {Universidade Z},
  year = {1999},
  number = {4},
  type = { Relat\'orios de Pesquisa em Engenharia de Produ\c c\~ao}
}
 
@InCollection{pele:04,
  author = 	 {Pel\'e, E. N. and  Rom\'ario, R. R.},
  title = 	 {Exemplo de artigo em livro, em Windows, P. T. e Linux, V. G. (Eds.)},
  booktitle = 	 {Colet\^anea de Artigos},
  publisher =    {Editora Y},
  year = 	 {2004},
  editor = 	 {CBF and FIFA}
}

@inproceedings{anna:06,
   author={Anna, A.},
   year={2006},
   title={Artigo em confer\^encia},
   booktitle={Anais do XXVIII SBPO},
   pages={123-134},
   publisher={SOBRAPO},
   address={Rio de Janeiro}
}

@misc{web:16,
  author = {Doe, Paul}, 
  title = {Web Page},
  howpublished = "\url{http://aiweb.techfak.uni-bielefeld.de/content/bworld-robot-control-software/}",
 year = {2016},
  note = {Acessado: 2016-01-02},
}
